<record><leader>00000cas a22000007a 4500</leader><controlfield tag="001">32992549</controlfield><controlfield tag="008">950816c19959999nmuwx n       0   a0eng d</controlfield><datafield ind1=" " ind2=" " tag="010"><subfield code="a">sn 95070957 </subfield></datafield><datafield ind1=" " ind2=" " tag="040"><subfield code="a">IQU</subfield><subfield code="b">eng</subfield><subfield code="c">IQU</subfield><subfield code="d">NVM</subfield><subfield code="d">NSD</subfield><subfield code="d">OCLCQ</subfield><subfield code="d">OCLCF</subfield><subfield code="d">OCLCO</subfield></datafield><datafield ind1=" " ind2=" " tag="012"><subfield code="l">1</subfield></datafield><datafield ind1="1" ind2=" " tag="022"><subfield code="a">1088-0496</subfield><subfield code="l">1088-0496</subfield><subfield code="2">1</subfield></datafield><datafield ind1="1" ind2=" " tag="029"><subfield code="a">AU@</subfield><subfield code="b">000025897417</subfield></datafield><datafield ind1=" " ind2=" " tag="037"><subfield code="b">Weekly Alibi, 2118 Central Ave. SE, Ste. 151, Albuquerque, NM 87106-4004</subfield><subfield code="c">$25.00</subfield></datafield><datafield ind1=" " ind2=" " tag="042"><subfield code="a">msc</subfield><subfield code="a">nsdp</subfield></datafield><datafield ind1=" " ind2=" " tag="043"><subfield code="a">n-us-nm</subfield></datafield><datafield ind1=" " ind2=" " tag="090"><subfield code="a">AN2</subfield><subfield code="b">.N835</subfield></datafield><datafield ind1=" " ind2="0" tag="222"><subfield code="a">Weekly alibi</subfield></datafield><datafield ind1="0" ind2="0" tag="245"><subfield code="a">Weekly alibi.</subfield></datafield><datafield ind1="1" ind2="4" tag="246"><subfield code="a">NuCity weekly</subfield><subfield code="f">Aug. 2-8, 1995</subfield></datafield><datafield ind1="1" ind2="3" tag="246"><subfield code="a">Weekly alibi's arts quarterly</subfield></datafield><datafield ind1=" " ind2=" " tag="260"><subfield code="a">Albuquerque, N.M. :</subfield><subfield code="b">NuCity Pub.</subfield></datafield><datafield ind1=" " ind2=" " tag="300"><subfield code="a">v.</subfield></datafield><datafield ind1=" " ind2=" " tag="310"><subfield code="a">Fifty-one no. a year</subfield></datafield><datafield ind1="0" ind2=" " tag="362"><subfield code="a">Vol. 4, no. 30 (Aug. 2-Aug. 8, 1995)-</subfield></datafield><datafield ind1=" " ind2=" " tag="500"><subfield code="a">Includes section entitled: Weekly alibi's arts quarterly.</subfield></datafield><datafield ind1=" " ind2=" " tag="500"><subfield code="a">Title from cover.</subfield></datafield><datafield ind1=" " ind2="0" tag="651"><subfield code="a">Albuquerque (N.M.)</subfield><subfield code="v">Newspapers.</subfield></datafield><datafield ind1=" " ind2="0" tag="651"><subfield code="a">Bernalillo County (N.M.)</subfield><subfield code="v">Newspapers.</subfield></datafield><datafield ind1=" " ind2="7" tag="655"><subfield code="a">Newspapers.</subfield><subfield code="2">fast</subfield><subfield code="0">(OCoLC)fst01423814</subfield></datafield><datafield ind1=" " ind2="7" tag="651"><subfield code="a">New Mexico</subfield><subfield code="z">Albuquerque.</subfield><subfield code="2">fast</subfield><subfield code="0">(OCoLC)fst01205799</subfield></datafield><datafield ind1=" " ind2="7" tag="651"><subfield code="a">New Mexico</subfield><subfield code="z">Bernalillo County.</subfield><subfield code="2">fast</subfield><subfield code="0">(OCoLC)fst01218455</subfield></datafield><datafield ind1=" " ind2=" " tag="752"><subfield code="a">United States</subfield><subfield code="b">New Mexico</subfield><subfield code="c">Bernalillo</subfield><subfield code="d">Albuquerque.</subfield></datafield><datafield ind1="0" ind2="0" tag="780"><subfield code="t">NuCity weekly</subfield><subfield code="w">(DLC)sn 95070605</subfield><subfield code="w">(OCoLC)32982083</subfield></datafield></record>